{
  "leader": "01228ntm a2200289Ii 4500",
  "fields": [
    {
      "001": "bslw09832408"
    },
    {
      "003": "UtOrBLW"
    },
    {
      "005": "20220711170349.0"
    },
    {
      "008": "220711s1969\\\\\\\\nyu\\\\\\\\\\\\\\\\\\\\s100\\0\\eng\\d"
    },
    {
      "040": {
        "ind1": "\\",
        "ind2": "\\",
        "subfields": [
          {
            "a": "UtOrBLW"
          },
          {
            "b": "eng"
          },
          {
            "e": "rda"
          },
          {
            "c": "UtOrBLW"
          }
        ]
      }
    },
    {
      "043": {
        "ind1": "\\",
        "ind2": "\\",
        "subfields": [
          {
            "a": "n-us-ny"
          }
        ]
      }
    },
    {
      "050": {
        "ind1": "\\",
        "ind2": "4",
        "subfields": [
          {
            "a": "RC566.A2"
          },
          {
            "b": "N49 1969"
          }
        ]
      }
    },
    {
      "082": {
        "ind1": "0",
        "ind2": "4",
        "subfields": [
          {
            "a": "616.86506"
          },
          {
            "b": "NEW "
          }
        ]
      }
    },
    {
      "111": {
        "ind1": "2",
        "ind2": "\\",
        "subfields": [
          {
            "a": "New York (State)."
          },
          {
            "b": "Narcotic Addiction Control Commission,"
          },
          {
            "e": "author."
          }
        ]
      }
    },
    {
      "245": {
        "ind1": "1",
        "ind2": "0",
        "subfields": [
          {
            "a": "State wide conference on the prevention aspects of treatment and research in drug abuse /"
          },
          {
            "c": "[sponsored by] New York State Narcotic Addiction Control Commission."
          }
        ]
      }
    },
    {
      "246": {
        "ind1": "3",
        "ind2": "4",
        "subfields": [
          {
            "a": "Proceedings of the state-wide conferences on prevention aspects of treatments & research in drug abuse"
          }
        ]
      }
    },
    {
      "264": {
        "ind1": "\\",
        "ind2": "0",
        "subfields": [
          {
            "a": "New York :"
          },
          {
            "b": "New York State,"
          },
          {
            "c": "1969."
          }
        ]
      }
    },
    {
      "300": {
        "ind1": "\\",
        "ind2": "\\",
        "subfields": [
          {
            "a": "385 pages ;"
          },
          {
            "c": "28 cm"
          }
        ]
      }
    },
    {
      "336": {
        "ind1": "\\",
        "ind2": "\\",
        "subfields": [
          {
            "a": "text"
          },
          {
            "b": "txt"
          },
          {
            "2": "rdacontent"
          }
        ]
      }
    },
    {
      "337": {
        "ind1": "\\",
        "ind2": "\\",
        "subfields": [
          {
            "a": "unmediated"
          },
          {
            "b": "n"
          },
          {
            "2": "rdamedia"
          }
        ]
      }
    },
    {
      "338": {
        "ind1": "\\",
        "ind2": "\\",
        "subfields": [
          {
            "a": "volume"
          },
          {
            "b": "nc"
          },
          {
            "2": "rdacarrier"
          }
        ]
      }
    },
    {
      "500": {
        "ind1": "\\",
        "ind2": "\\",
        "subfields": [
          {
            "a": "Meeting held on November 24-25, 1969, at the Statler Hilton Hotel."
          }
        ]
      }
    },
    {
      "650": {
        "ind1": "\\",
        "ind2": "0",
        "subfields": [
          {
            "a": "Drug addiction"
          },
          {
            "z": "New York (State)"
          },
          {
            "v": "Congresses."
          }
        ]
      }
    },
    {
      "650": {
        "ind1": "\\",
        "ind2": "0",
        "subfields": [
          {
            "a": "Drug abuse"
          },
          {
            "x": "Treatment"
          },
          {
            "z": "New York (State)"
          },
          {
            "v": "Congresses."
          }
        ]
      }
    },
    {
      "650": {
        "ind1": "\\",
        "ind2": "0",
        "subfields": [
          {
            "a": "Drug abuse"
          },
          {
            "x": "Prevention"
          },
          {
            "v": "Congresses."
          }
        ]
      }
    },
    {
      "650": {
        "ind1": "\\",
        "ind2": "0",
        "subfields": [
          {
            "a": "Drugs"
          },
          {
            "x": "Research"
          },
          {
            "z": "New York (State)"
          },
          {
            "v": "Congresses."
          }
        ]
      }
    },
    {
      "999": {
        "ind1": "\\",
        "ind2": "\\",
        "subfields": [
          {
            "a": "00000000013404"
          }
        ]
      }
    }
  ]
}